<?xml version="1.0" encoding="UTF-8"?><collection xmlns="http://www.loc.gov/MARC21/slim"><record><leader>00438nam--2200145-i-4500</leader><controlfield tag="001">000037671</controlfield><controlfield tag="002">20161230</controlfield><controlfield tag="005">20161230201041</controlfield><controlfield tag="008">060222s1000------------r-----000-0-eng-d</controlfield><datafield ind1=" " ind2=" " tag="080"><subfield code="a">015:621.384.64</subfield></datafield><datafield ind1=" " ind2=" " tag="100"><subfield code="a">Prome Michel</subfield></datafield><datafield ind1=" " ind2=" " tag="245"><subfield code="a">Effets de la charge d`espace dans les accelerateurs lineaires a protons</subfield></datafield><datafield ind1=" " ind2=" " tag="260"><subfield code="a">Paris-sud, Au Centre Dorsay Univ.Paris-sud, 1971. 129 P</subfield></datafield><datafield ind1=" " ind2=" " tag="490"><subfield code="a">Orsay Series A. No.D`Ordre 761</subfield></datafield><datafield ind1=" " ind2=" " tag="852"><subfield code="a">38034</subfield></datafield></record></collection>